

<record>
  <leader>00842nam a2200205   4500</leader>
  <controlfield tag="001">BIBLIOPAC-009745</controlfield>
  <controlfield tag="005">20161123142734.0</controlfield>
  <controlfield tag="008">120727s2006    bl a   fr    0000 0 por  </controlfield>
  <datafield tag="082" ind1="1" ind2=" ">
    <subfield code="a">001.642</subfield>
  </datafield>
  <datafield tag="090" ind1=" " ind2=" ">
    <subfield code="a">001.642</subfield>
    <subfield code="b">T255</subfield>
  </datafield>
  <datafield tag="245" ind1="1" ind2="0">
    <subfield code="a">Tecnologia da informação: </subfield>
    <subfield code="b">Programa Brasileiro da Qualidade e Produtividade em Software / </subfield>
    <subfield code="c">[redação, compilação, organização e revisão, Célia Joseli do Nascimento, Diva da Silva Marinho]. </subfield>
  </datafield>
  <datafield tag="246" ind1="1" ind2=" ">
    <subfield code="a">Programa Brasileiro da Qualidade e Produtividade em Software </subfield>
  </datafield>
  <datafield tag="250" ind1=" " ind2=" ">
    <subfield code="a">4. ed. rev. ampl.</subfield>
  </datafield>
  <datafield tag="260" ind1=" " ind2=" ">
    <subfield code="a">Brasílai: </subfield>
    <subfield code="b">Ministério da Ciência e Tecnologia, Secret6aria de Política de Informática, </subfield>
    <subfield code="c">2006.</subfield>
  </datafield>
  <datafield tag="300" ind1=" " ind2=" ">
    <subfield code="a">408 p. : </subfield>
    <subfield code="b">il. </subfield>
  </datafield>
  <datafield tag="504" ind1=" " ind2=" ">
    <subfield code="a">Inclui bibliografia e índice</subfield>
  </datafield>
  <datafield tag="650" ind1=" " ind2="4">
    <subfield code="a">Software</subfield>
    <subfield code="x">Controle de qualidade.</subfield>
  </datafield>
  <datafield tag="710" ind1="2" ind2=" ">
    <subfield code="a">PBQP Software.</subfield>
  </datafield>
  <datafield tag="942" ind1=" " ind2=" ">
    <subfield code="c">L</subfield>
  </datafield>
  <datafield tag="999" ind1=" " ind2=" ">
    <subfield code="c">16468</subfield>
    <subfield code="d">16468</subfield>
  </datafield>
  <datafield tag="952" ind1=" " ind2=" ">
    <subfield code="0">0</subfield>
    <subfield code="1">0</subfield>
    <subfield code="2">ddc</subfield>
    <subfield code="4">0</subfield>
    <subfield code="6">001_642000000000000_T255</subfield>
    <subfield code="7">0</subfield>
    <subfield code="8">G</subfield>
    <subfield code="9">22442</subfield>
    <subfield code="a">sdin</subfield>
    <subfield code="b">sdin</subfield>
    <subfield code="d">2016-11-23</subfield>
    <subfield code="l">0</subfield>
    <subfield code="o">001.642 T255</subfield>
    <subfield code="p">12-0418</subfield>
    <subfield code="r">2016-11-23</subfield>
    <subfield code="w">2016-11-23</subfield>
    <subfield code="y">L</subfield>
  </datafield>
</record>