

<record>
  <leader>00734nam a2200205   4500</leader>
  <controlfield tag="001">BIBLIOPAC-010769</controlfield>
  <controlfield tag="005">20161123142934.0</controlfield>
  <controlfield tag="008">140714s2014    bl            000 0 por d</controlfield>
  <datafield tag="082" ind1="1" ind2=" ">
    <subfield code="a">001.642 </subfield>
  </datafield>
  <datafield tag="090" ind1=" " ind2=" ">
    <subfield code="a">001.642 </subfield>
    <subfield code="b">V331p </subfield>
  </datafield>
  <datafield tag="100" ind1="1" ind2=" ">
    <subfield code="a">Vasconcellos, José Augusto di Jorge. </subfield>
  </datafield>
  <datafield tag="245" ind1="1" ind2="0">
    <subfield code="a">Programação Linear com aplicações em microcomputadores / </subfield>
    <subfield code="c">José Augusto di Jorge Vasconcellos, Rafael Beker Neto, Marcelo Momm Vasconcellos. </subfield>
  </datafield>
  <datafield tag="260" ind1=" " ind2=" ">
    <subfield code="a">Rio de Janeiro: </subfield>
    <subfield code="b">Ciência Moderna da Computação,  </subfield>
    <subfield code="c">1988. </subfield>
  </datafield>
  <datafield tag="300" ind1=" " ind2=" ">
    <subfield code="a">77p. :  </subfield>
    <subfield code="b">il.</subfield>
  </datafield>
  <datafield tag="650" ind1=" " ind2="7">
    <subfield code="a">Programação linear. </subfield>
  </datafield>
  <datafield tag="650" ind1=" " ind2="0">
    <subfield code="a">Aplicação em microcomputador. </subfield>
  </datafield>
  <datafield tag="700" ind1="1" ind2=" ">
    <subfield code="a">Beker Neto, Rafael</subfield>
  </datafield>
  <datafield tag="700" ind1="1" ind2=" ">
    <subfield code="a">Vasconcellos, Marcelo Momm</subfield>
  </datafield>
  <datafield tag="942" ind1=" " ind2=" ">
    <subfield code="c">L</subfield>
  </datafield>
  <datafield tag="999" ind1=" " ind2=" ">
    <subfield code="c">17479</subfield>
    <subfield code="d">17479</subfield>
  </datafield>
  <datafield tag="952" ind1=" " ind2=" ">
    <subfield code="0">0</subfield>
    <subfield code="1">0</subfield>
    <subfield code="4">0</subfield>
    <subfield code="6">001_642000000000000_V331P</subfield>
    <subfield code="7">0</subfield>
    <subfield code="8">G</subfield>
    <subfield code="9">23694</subfield>
    <subfield code="a">sdin</subfield>
    <subfield code="b">sdin</subfield>
    <subfield code="d">2016-11-23</subfield>
    <subfield code="l">0</subfield>
    <subfield code="o">001.642 V331p </subfield>
    <subfield code="p">98-0278 </subfield>
    <subfield code="r">2016-11-23</subfield>
    <subfield code="w">2016-11-23</subfield>
    <subfield code="y">L</subfield>
  </datafield>
</record>