

<record>
  <leader>00842nam a2200265   4500</leader>
  <datafield tag="999" ind1=" " ind2=" ">
    <subfield code="c">16163</subfield>
    <subfield code="d">16163</subfield>
  </datafield>
  <controlfield tag="003">Br</controlfield>
  <controlfield tag="005">20180831163011.0</controlfield>
  <controlfield tag="008">20100452003     rsba           01 1 por </controlfield>
  <datafield tag="020" ind1=" " ind2=" ">
    <subfield code="a">8536301473 (enc.)</subfield>
  </datafield>
  <datafield tag="040" ind1=" " ind2=" ">
    <subfield code="a">blrjbn</subfield>
    <subfield code="b">por</subfield>
  </datafield>
  <datafield tag="041" ind1="0" ind2=" ">
    <subfield code="a">por</subfield>
    <subfield code="h">eng</subfield>
  </datafield>
  <datafield tag="082" ind1="0" ind2=" ">
    <subfield code="a">001.6424</subfield>
    <subfield code="2">19</subfield>
  </datafield>
  <datafield tag="090" ind1=" " ind2=" ">
    <subfield code="a">001.6424</subfield>
    <subfield code="b">D325x</subfield>
  </datafield>
  <datafield tag="092" ind1=" " ind2=" ">
    <subfield code="a">VI-183,7,10</subfield>
  </datafield>
  <datafield tag="245" ind1="0" ind2="0">
    <subfield code="a">XML como programar /</subfield>
    <subfield code="c">Deitel... [et al.] ; tradução: Luiz Augusto Salgado e Edson Furmankiewicz. -</subfield>
  </datafield>
  <datafield tag="260" ind1=" " ind2=" ">
    <subfield code="a">Porto Alegre :</subfield>
    <subfield code="b">Bookman,</subfield>
    <subfield code="c">2003.</subfield>
  </datafield>
  <datafield tag="300" ind1=" " ind2=" ">
    <subfield code="a">972p. :</subfield>
    <subfield code="b">il. ;</subfield>
    <subfield code="c">25cm.</subfield>
  </datafield>
  <datafield tag="500" ind1=" " ind2=" ">
    <subfield code="a">Tradução: XML how to program.</subfield>
  </datafield>
  <datafield tag="500" ind1=" " ind2=" ">
    <subfield code="a">Acompanhado de CD-ROM em bolso.</subfield>
  </datafield>
  <datafield tag="650" ind1=" " ind2="0">
    <subfield code="a">XML (Linguagem de marcação de documento)</subfield>
  </datafield>
  <datafield tag="650" ind1=" " ind2="0">
    <subfield code="a">Programação para Internet.</subfield>
  </datafield>
  <datafield tag="650" ind1=" " ind2="4">
    <subfield code="a">Linguagem de programação (computadores).</subfield>
  </datafield>
  <datafield tag="700" ind1=" " ind2=" ">
    <subfield code="a">Deitel, Harvey M,</subfield>
  </datafield>
  <datafield tag="942" ind1=" " ind2=" ">
    <subfield code="c">L</subfield>
  </datafield>
  <datafield tag="952" ind1=" " ind2=" ">
    <subfield code="0">0</subfield>
    <subfield code="1">0</subfield>
    <subfield code="2">ddc</subfield>
    <subfield code="4">0</subfield>
    <subfield code="6">001_642400000000000_D325</subfield>
    <subfield code="7">0</subfield>
    <subfield code="8">N</subfield>
    <subfield code="9">22007</subfield>
    <subfield code="a">sdin</subfield>
    <subfield code="b">sdin</subfield>
    <subfield code="d">2016-11-23</subfield>
    <subfield code="l">0</subfield>
    <subfield code="n">0</subfield>
    <subfield code="o">001.6424 D325</subfield>
    <subfield code="p">10-0119</subfield>
    <subfield code="r">2016-11-23</subfield>
    <subfield code="w">2016-11-23</subfield>
    <subfield code="y">L</subfield>
    <subfield code="z">Livraria Saraiva</subfield>
  </datafield>
</record>